@misc{bitcoin,
  title={Bitcoin: A peer-to-peer electronic cash system},
  author={Nakamoto, Satoshi},
  year={2008}
}

@inproceedings{backbone,
  title={The bitcoin backbone protocol: Analysis and applications},
  author={Garay, Juan and Kiayias, Aggelos and Leonardos, Nikos},
  booktitle={Annual International Conference on the Theory and
      Applications of Cryptographic Techniques},
  pages={281--310},
  year={2015},
  organization={Springer}
}

@misc{betterspv,
  year={2014},
  author={Sergio Demian Lerner},
  title={SmartSPV â€“ A better Simplified Payment Verification for Smartphones},
 howpublished={\url{https://bitslog.wordpress.com/2014/04/25/smartspv-a-better-simplified-payment-verification-for-smartphones/}}
 }

@misc{spvmining,
  year={2015},
  month={July},
  title={Some Miners Generating Invalid Blocks},
  author={Bitcoin Core},
  howpublished={\url{https://bitcoin.org/en/alert/2015-07-04-spv-mining}}
  }

@article{backbone2,
  title={The Bitcoin Backbone Protocol with Chains of Variable Difficulty},
  author={Garay, Juan A and Kiayias, Aggelos and Leonardos, Nikos},
  year={2016}
}

@inproceedings{KLS,
  title={Proofs of Proofs of Work with Sublinear Complexity},
  author={Kiayias, Aggelos and Lamprou, Nikolaos and Stouka, Aikaterini-Panagiota},
  booktitle={International Conference on Financial Cryptography and Data Security},
  pages={61--78},
  year={2016},
  organization={Springer}
}

@article{bahack,
  title={Theoretical Bitcoin Attacks with less than Half of the
         Computational Power (draft)},
  author={Bahack, Lear},
  journal={arXiv preprint arXiv:1312.7013},
  year={2013}
}


@inproceedings{onscaling,
  title={On scaling decentralized blockchains},
    author={Croman, Kyle and Decker, Christian and Eyal, Ittay and Gencer, Adem Efe and Juels, Ari and Kosba, Ahmed and Miller, Andrew and Saxena, Prateek and Shi, Elaine and Sirer, Emin G{\"u}n and others},
      booktitle={International Conference on Financial Cryptography and Data Security},
        pages={106--125},
	  year={2016},
	    organization={Springer}
	    }

@article{sidechains,
    title={Enabling blockchain innovations with pegged sidechains},
    author={Back, Adam and Corallo, Matt and Dashjr, Luke and Friedenbach,
        Mark and Maxwell, Gregory and Miller, Andrew and Poelstra, Andrew
            and Tim{\'o}n, Jorge and Wuille, Pieter},
    journal={URL: http://www. opensciencereview.
        com/papers/123/enablingblockchain-innovations-with-pegged-sidechains},
    year={2014}
}

@misc{compactspv,
  year =	 {2014},
  author =	 {Mark Friedenbach},
  howpublished = {\url{https://www.mail-archive.com/bitcoin-development@lists.sourceforge.net/msg04318.html},
  title={Compact SPV proofs via block headercommitments},
}

@article{pos,
  title =	 {On stake and consensus},
  author =	 {Poelstra, Andrew},
  year =	 {2015},
  howpublished = {\url{https://download.wpsoftware.net/bitcoin/pos.pdf}}
}

@article{rosenfeld,
    title={Analysis of hashrate-based double spending},
    author={Rosenfeld, Meni},
    journal={arXiv preprint arXiv:1402.2009},
    year={2014}
}

@article{catena,
  title={Catena: Preventing Lies with Bitcoin},
  author={Tomescu, Alin and Devadas, Srinivas}
}

@article{ethereum,
  title={Ethereum: A secure decentralised generalised transaction ledger},
  author={Wood, Gavin},
  journal={Ethereum Project Yellow Paper},
  volume={151},
  year={2014}
}

@inproceedings{BFM88,
    title={Non-interactive zero-knowledge and its applications},
    author={Blum, Manuel and Feldman, Paul and Micali, Silvio},
    booktitle={Proceedings of the twentieth annual ACM symposium on
        Theory of computing},
    pages={103--112},
    year={1988},
    organization={ACM}
}
